
@misc{wiki:Bus_factor,
   author = "Wikipedia",
   title = "{Bus factor} --- {W}ikipedia{,} The Free Encyclopedia",
   year = "2018",
   howpublished = {\url{https://en.wikipedia.org/w/index.php?title=Bus\%20factor&oldid=822673664}},
   note = "[Online; accessed 07-April-2018]"
 }

@misc{aws:jitter,
   author = " Marc Brooker",
   title = "Exponential Backoff And Jitter",
   year = "2018",
   howpublished = {\url{https://aws.amazon.com/blogs/architecture/exponential-backoff-and-jitter/}},
   note = "[Online; accessed 08-April-2018]"
 }
